@misc {eclipsewebsite,
	author = {{The Eclipse Foundation}},
	title = {Eclipse - Webseite},
	url = {http://www.eclipse.org/},
	note = {abgerufen am 01. März 2012}
}

@misc {emfwebsite,
	author = {{The Eclipse Foundation}},
	title = {Eclipse Modeling Framework - Webseite},
	url = {http://www.eclipse.org/emf/},
	note = {abgerufen am 01. März 2012}
}

@misc {gefwebsite,
	author = {{The Eclipse Foundation}},
	title = {Graphical Editing Framework - Webseite},
	url = {http://www.eclipse.org/gef/},
	note = {abgerufen am 01. März 2012}
}

@misc {draw2dwebsite,
	author = {{The Eclipse Foundation}},
	title = {Draw2d - Webseite},
	url = {http://www.eclipse.org/gef/draw2d/},
	note = {abgerufen am 01. März 2012}
}

@misc {henshinwebsite,
	author = {{Technische Universität Berlin}},
	title = {Henshin - Webseite},
	url = {http://tfs.cs.tu-berlin.de/henshin/},
	note = {abgerufen am 01. März 2012}
}

@book {ehrig2006,
	author = {Hartmut Ehrig and Karsten Ehrig and Claudia Ermel and Frank Hermann and Gabriele Taentzer},
	title = {Fundamentals of Algebraic Graph Transformation},
	location = {Berlin/Heidelberg},
	publisher = {Springer},
	year = {2006}
}

@incollection {ehrig2009,
	author = {Ehrig, Hartmut and Ermel, Claudia and Hermann, Frank and Prange, Ulrike},
	title = {On-the-Fly Construction, Correctness and Completeness of Model Transformations Based on Triple Graph Grammars},
	booktitle = {Model Driven Engineering Languages and Systems},
	series = {Lecture Notes in Computer Science},
	editor = {Schürr, Andy and Selic, Bran},
	publisher = {Springer},
	location = {Berlin/Heidelberg},
	pages = {241-255},
	volume = {5795},
	year = {2009}
}

@incollection {schuerr1995,
   author = {Schürr, Andy},
   title = {Specification of graph translators with triple graph grammars},
   booktitle = {Graph-Theoretic Concepts in Computer Science},
   series = {Lecture Notes in Computer Science},
   editor = {Mayr, Ernst and Schmidt, Gunther and Tinhofer, Gottfried},
   publisher = {Springer},
   location = {Berlin/Heidelberg},
   pages = {151-163},
   volume = {903},
   year = {1995}
}
